1814 3147
1499 216 1579 256 317

90 333 318 372 maritimam
374 346 496 382 usque
541 333 587 370 :ul
645 333 784 378 l'agnm
827 332 1056 382 descripsit,
1111 333 1338 370 interiorum
1381 333 1586 380 regionum

91 401 262 452 populos
295 401 402 439 nullo
437 401 540 439 t'aeto
583 400 748 440 transitu
779 399 950 439 breviter
982 401 1128 448 tau-git,
1171 407 1332 451 tumque
1367 401 1506 438 iterium
1539 400 1587 438 ad

91 467 191 517 'l'agi
223 469 364 507 ostium
400 469 576 507 resiliens
620 469 845 507 Lusitaniae
882 468 1189 518 descriptionem
1233 468 1448 519 subpungit.
1510 469 1587 507 lam

90 549 161 576 nos
190 535 371 587 quidem,
404 549 490 575 eum
525 538 560 576 iu
593 536 799 575 strabonis
842 549 934 575 orae
979 536 1191 574 iiuiritimzu·
1226 536 1491 586 descriptiomr
1526 549 1587 587 pe·

90 603 230 655 riplum
279 604 508 643 continuum
552 605 834 648 iuvem-rimus,
878 603 988 642 t‘neile
1033 604 1306 653 intelligimus,
1355 604 1449 654 quid
1494 604 1588 642 liae«-

89 672 210 711 verba
250 672 319 710 sibi
358 673 477 711 velint
510 680 547 710 et
584 672 686 710 uude
719 677 804 710 orta
836 672 923 711 sint.
986 672 1034 711 Ut
1063 671 1162 710 enim
1201 672 1283 722 jam
1328 672 1509 714 diximus,
1552 673 1586 710 in

94 740 246 791 periplo
279 744 367 790 post
390 753 482 779 orae
515 740 820 790 desc-riptioiwm
853 739 989 778 eodem
1024 739 1177 778 dieeiidi
1211 752 1356 787 genere
1389 745 1427 778 et.
1458 740 1588 778 colore

90 812 228 847 secuta
250 821 335 847 esse
360 804 523 846 videtur
545 808 789 847 enumeratio
812 808 1063 859 populorum,
1087 809 1154 858 qui
1179 808 1215 846 iu
1239 807 1313 846 lioc
1335 808 1382 845 ad
1403 820 1587 846 oceasum

90 880 280 926 vergente
315 876 437 915 latere
471 877 684 927 llispaniae
727 876 1017 915 mediterranea
1060 880 1195 914 teuent
1233 880 1271 914 et
1303 875 1450 914 ideireo
1484 882 1588 915 reete

94 944 283 983 dieuntnr
315 940 354 982 oi
391 940 695 995 ι’·πψκιίμιιηιι
719 942 812 982 τῶν
843 940 1099 995 λεχθέντων
1117 942 1278 994 μερῶν.
1339 944 1469 994 Atque
1504 945 1589 982 luee.

65 1011 241 1068 ‚olan-ius
272 1017 348 1057 est,
391 1019 479 1063 post
514 1013 738 1051 Lusitaniae
771 1012 1076 1062 descriptionem
1110 1011 1265 1050 demum
1298 1017 1388 1062 apte
1423 1011 1492 1050 lios
1524 1025 1588 1062 po-

90 1079 207 1130 pulos
238 1081 477 1130 enumerari,
507 1082 598 1130 qnia
622 1087 702 1119 tum
727 1086 815 1130 post
848 1081 967 1119 totius
998 1094 1020 1118 a
1043 1080 1161 1129 Calpo
1196 1092 1321 1130 usque
1353 1079 1403 1118 ad
1426 1080 1588 1118 Nerium

92 1149 404 1199 promontorium
440 1149 672 1198 pertinentis
704 1161 796 1186 orae
821 1148 1125 1198 descriptionem
1153 1149 1245 1197 jure
1281 1160 1359 1186 tino
1382 1153 1517 1186 tenore
1541 1147 1588 1186 de

89 1216 270 1255 omnibus
303 1217 461 1267 populis
484 1216 671 1255 interiora
705 1216 933 1255 tenentibus
961 1216 1115 1254 dieitm·.
1175 1215 1250 1254 Sed
1283 1217 1313 1254 si
1346 1217 1439 1266 quid
1465 1216 1592 1264 video,

84 1285 167 1333 jam
202 1284 338 1335 peripli
369 1290 510 1323 auctor
545 1285 696 1334 justum
729 1284 987 1334 expositionis
1029 1283 1206 1322 ordinem
1238 1285 1431 1335 pervertit
1462 1297 1591 1334 neque

89 1358 236 1391 temere
261 1352 334 1390 lioe.
358 1353 459 1390 feeit.
523 1354 697 1402 Apparet
719 1354 819 1391 enim
855 1353 891 1391 in
917 1353 1144 1391 Lusitaniae
1167 1353 1300 1391 linium
1325 1351 1590 1402 descriptione

90 1433 270 1469 maguam
304 1427 454 1471 partem
489 1421 625 1459 horum
651 1421 887 1471 populorum
921 1420 1231 1459 enumerandam
1265 1434 1351 1459 esse
1383 1426 1421 1459 et
1452 1433 1591 1460 revera

89 1489 311 1527 enumerari
344 1494 395 1530 (e.
418 1493 453 1537 3,
472 1494 511 1537 2⁵,
543 1491 584 1527 C.
611 1492 716 1530 152).
777 1490 856 1528 lam
880 1490 1069 1528 sentimus
1094 1489 1210 1528 valde
1241 1489 1470 1539 languidum
1493 1502 1591 1532 esse,

91 1561 302 1608 postquam
336 1557 372 1594 1ιί
413 1557 548 1607 populi
587 1557 624 1596 in
659 1558 864 1596 Lusitania
896 1557 1202 1596 determinanda
1233 1557 1470 1596 secundario
1504 1558 1590 1595 loeo

87 1625 170 1675 jam
203 1626 422 1664 enumerati
454 1626 542 1674 siut,
585 1632 663 1663 tum
699 1625 857 1664 demum
891 1625 939 1663 de
971 1626 1018 1664 iis
1049 1626 1144 1676 ipsis
1175 1625 1306 1664 denuo
1337 1632 1376 1664 et
1406 1626 1590 1676 primario

91 1694 176 1731 loeo
215 1693 336 1732 verba
380 1693 521 1732 faeere.
587 1694 733 1732 Deinde
777 1706 871 1732 vero
904 1694 1107 1732 reeordari
1140 1698 1316 1744 oportet,
1357 1694 1589 1732 Strabonem

92 1761 150 1800 bis
168 1761 434 1812 descriptione
449 1762 586 1800 eodem
611 1770 799 1811 provecta
823 1762 892 1801 lios
917 1763 1089 1813 populos
1107 1762 1592 1802 mediterraneatenentes

89 1841 333 1869 emunerare.
394 1830 572 1868 Vidimus
605 1831 705 1868 enim
746 1831 862 1869 etiam
897 1831 933 1869 in
967 1846 996 1869 e.
1029 1835 1103 1875 1‚6
1148 1831 1296 1868 ineunt.
1328 1831 1368 1870 C.
1396 1834 1484 1880 1:30,
1527 1831 1590 1869 ubi

90 1897 227 1936 eadem
260 1897 342 1936 sere
375 1899 482 1948 regio
515 1897 747 1948 depingitur
778 1905 900 1948 atque
936 1899 1007 1936 lioe
1050 1899 1135 1936 loeo
1167 1903 1269 1942 (e.3,
1289 1902 1325 1945 1)
1359 1899 1589 1937 mentionem

91 1965 173 2004 lieri
196 1966 371 2014 gentium
395 1967 649 2005 interiorum:
696 1961 744 2003 ἰν
767 1962 810 2004 ὁὶ
836 1970 927 2011 τοῖς
950 1957 1044 2003 ‹ira›
1065 1962 1211 2017 μέρεσι
1235 1965 1327 2004 κτλ.
1387 1966 1590 2014 Quaenam

90 2034 139 2072 sit
170 2033 393 2073 ditl'erentia
416 2035 521 2073 inter
555 2035 624 2072 lios
656 2035 775 2082 locos,
799 2035 882 2085 jam
916 2035 1284 2073 demonstravimus.
1346 2034 1427 2073 lllic
1450 2034 1591 2073 Strabo

93 2113 197 2140 nova
238 2107 356 2152 atque
396 2103 556 2152 propria
597 2104 747 2142 ratione
792 2102 1095 2153 descriptionem
1143 2103 1355 2141 instituens
1393 2103 1593 2153 excerpsit

92 2175 246 2208 tautum
279 2183 324 2209 ea
345 2183 446 2220 quae
479 2171 526 2209 de
548 2171 804 2210 interioribus
837 2172 993 2222 populis
1016 2172 1053 2210 in
1077 2171 1229 2221 periplo
1252 2171 1425 2220 fuerunt,
1460 2175 1589 2209 terrae

96 2238 208 2287 Tago
239 2243 276 2277 et
308 2240 394 2277 Ana
426 2240 671 2289 interceptae
710 2240 899 2278 rationem
935 2240 1095 2278 liabens.
1156 2240 1229 2277 llic
1262 2239 1406 2289 peripli
1439 2239 1591 2277 institu-

91 2306 235 2345 tionem
278 2311 417 2345 tenens
459 2320 547 2345 cum
592 2307 728 2345 eodem
772 2308 1006 2357 pervenerit,
1049 2308 1189 2346 iterum
1235 2308 1371 2345 harum
1417 2307 1591 2356 gentium

91 2375 428 2413 enumerationem
452 2388 618 2425 eamque
643 2375 859 2425 pleniorem
884 2376 1057 2425 profert:
1090 2378 1199 2423 Quas
1227 2388 1289 2414 res
1312 2375 1402 2413 mihi
1427 2387 1591 2426 perpen-

91 2441 199 2480 denti
232 2442 446 2492 probatnr,
487 2443 626 2493 peripli
665 2449 866 2482 auctorem
913 2444 1013 2481 lianc
1049 2443 1223 2493 gentium
1256 2443 1590 2482 enumerationem

92 2509 228 2548 eodem
264 2509 544 2561 descriptionis
587 2510 672 2549 loeo
712 2517 833 2561 atque
865 2512 1096 2550 strabonem
1137 2511 1363 2549 inseruisse.
1422 2509 1590 2549 Adicere

94 2577 185 2615 milii
218 2578 334 2616 liceat
367 2578 480 2616 iidem
515 2577 700 2617 Meinekii
735 2580 991 2629 conjecturae
1023 2575 1061 2615 oi
1092 2575 1136 2616 d}
1173 2569 1475 2629 ivrwmlmrm
1501 2576 1592 2615 rv'n·

97 2641 359 2695 λεχθέντων
399 2643 570 2696 μερῶν
613 2646 725 2684 valde
766 2646 903 2695 angeri
946 2660 989 2685 ea
1042 2660 1081 2685 re
1125 2647 1230 2696 qnod
1269 2647 1412 2685 Strabo
1460 2645 1590 2696 priore

95 2713 195 2762 loeo,
227 2714 293 2763 qni
319 2714 408 2752 huic
433 2714 666 2763 respondet,
697 2713 789 2752 dicit
812 2711 861 2751 εἰ·
887 2710 930 2751 ὁὶ
959 2719 1050 2751 roi.-
1073 2705 1166 2752 firm
1187 2710 1295 2764 (11301
1313 2723 1394 2750 σιν
1421 2718 1470 2754 (e.
1491 2717 1522 2762 1,
1539 2715 1592 2759 6).

95 2780 217 2819 Simul
251 2786 380 2819 autem
415 2793 518 2819 nune
551 2781 678 2819 elueet
711 2794 756 2819 ea
797 2794 899 2831 quae.
932 2782 1073 2820 Strabo
1105 2781 1153 2819 de
1188 2782 1415 2820 Lusitaniae
1448 2781 1592 2820 tinibus

100 2848 216 2895 dixit,
254 2850 302 2887 ab
334 2849 470 2887 eodem
510 2856 671 2888 auctore
715 2850 883 2900 repetita
924 2863 1010 2888 esse
1051 2857 1171 2900 atque
1217 2851 1314 2889 liane
1354 2849 1589 2901 populorum
