1814 3147
251 177 334 217 340

247 292 387 330 Omnia
418 294 559 338 aut-em,
591 301 692 338 quae
726 290 762 326 in
794 289 828 326 h.
851 301 886 337 p.
907 287 1178 338 proferuntur,
1211 301 1231 325 e
1255 288 1407 337 Polybii
1430 292 1468 327 et
1499 289 1738 328 Artemidori

246 359 402 408 seriptis
434 359 554 407 petita
586 360 686 394 sunt.

961 623 1023 670 II.

604 725 672 767 De
705 736 785 766 ora
818 724 1058 766 maritima
1090 724 1368 778 Hispaniae.

292 826 321 849 e.
342 817 369 857 1,
385 819 483 856 ῖ-ε),
509 814 643 848 (2140.
692 824 721 848 e.
741 819 771 857 ῖς,
795 816 889 850 ι-ήῖ).
915 814 1163 848 (hist—1513.
1211 817 1409 855 (3.4,1-9,
1435 814 1473 848 C.
1496 817 1683 849 156—100.

354 898 613 949 Geograplius
644 903 779 936 noster
810 911 842 936 e.
867 901 901 947 1,
920 901 941 936 7
975 897 1023 936 ad
1057 898 1341 936 accuratiorem
1368 897 1635 937 Tui-(letaniae
1668 898 1734 937 de-

239 967 489 1016 scriptionem
522 967 663 1005 transit
693 978 738 1003 ae
781 967 946 1015 primum
987 965 1145 1015 quidem
1191 965 1574 1018 oram‘maritimam
1617 966 1734 1004 huius

239 1039 368 1073 terrae
390 1035 566 1084 depingit
587 1047 618 1072 e.
644 1038 678 1082 1,
698 1037 817 1073 7—9.
860 1035 1263 1072 Commemoravimus
1286 1035 1374 1083 iam,
1405 1047 1499 1073 orae
1521 1035 1734 1073 maritimae

239 1103 540 1153 descriptionem
573 1115 595 1139 a
617 1102 809 1140 Strabone
842 1103 980 1152 peripli
1014 1105 1212 1140 auctorem
1244 1102 1445 1152 quendam
1479 1106 1614 1141 secuto
1646 1115 1735 1152 par-

237 1171 338 1209 tibus
370 1171 667 1209 mediterraneis
700 1184 774 1208 non
807 1171 950 1219 subici,
982 1170 1048 1208 sed
1085 1183 1104 1208 e
1129 1172 1327 1209 contrario
1350 1171 1576 1221 primarium
1599 1174 1734 1209 tenere

237 1240 377 1277 locum.
437 1239 582 1277 Eadem
618 1240 714 1277 ratio
748 1252 817 1288 per
849 1243 969 1276 totam
1005 1240 1221 1288 Hispaniae
1267 1239 1570 1288 descriptionem
1604 1239 1732 1277 obser-

236 1312 361 1345 vatur.
434 1296 631 1353 Quattuor
674 1307 773 1344 euim
815 1311 907 1344 suut
948 1300 1123 1353 termini,
1170 1307 1234 1355 qui
1280 1306 1400 1345 totius
1441 1319 1533 1344 orae
1574 1319 1732 1345 cursum

235 1376 457 1424 flexumque
480 1376 725 1412 constituunt
757 1388 788 1412 (·.
814 1379 845 1423 1,
862 1379 897 1424 3,
919 1377 959 1413 U.
985 1377 1079 1413 137:
1109 1371 1178 1410 καὶ
1205 1368 1256 1425 δὴ
1278 1368 1329 1411 τὸ
1351 1371 1432 1424 μὲν
1463 1367 1580 1425 Ξῷου
1611 1373 1730 1412 xvh:
1780 1377 1782 1379 ’

235 1443 384 1481 Galliae
417 1443 714 1492 IIispaniaeque-
760 1444 798 1480 in
843 1444 1049 1492 Pyrenaeo
1084 1447 1213 1481 monte
1246 1443 1416 1481 eonfinia
1448 1444 1531 1482 sive
1567 1443 1730 1493 Pompei

233 1513 407 1560 tropaea7
431 1511 613 1549 Herculis
635 1511 852 1559 columnae,
875 1512 1193 1560 promunturium
1219 1514 1392 1550 Sacrum.
1415 1511 1730 1560 promunturium

234 1578 459 1616 Artabrum.
520 1579 613 1617 Item
639 1582 827 1628 quattuor
855 1583 1012 1633 exstant
1034 1579 1171 1629 peripli
1196 1583 1339 1628 partos,
1372 1591 1474 1628 quae
1497 1579 1571 1617 hoc
1593 1579 1731 1618 ordine

234 1646 531 1685 desel·il·›uutu1·:
564 1648 729 1696 primum
764 1660 832 1685 ora
866 1647 1068 1695 maritima,
1099 1659 1201 1696 quac
1233 1652 1290 1685 est
1322 1660 1344 1684 a
1367 1647 1488 1696 Calpe
1521 1651 1652 1685 monte
1681 1647 1730 1684 ad

233 1727 356 1763 prom.
398 1719 569 1753 ¹Sacrum.
593 1728 622 1751 (·.
650 1718 682 1762 1,
703 1718 747 1752 7ss
774 1718 808 1753 ⁷9
833 1715 1079 1764 depingitur,
1111 1715 1252 1753 deind(-
1276 1715 1323 1752 de
1347 1728 1404 1763 ea,
1434 1727 1536 1764 quae
1558 1716 1731 1764 pertinet

232 1781 323 1821 inde
364 1795 486 1832 usque
530 1783 579 1820 ad
622 1783 736 1820 finale
780 1783 1099 1832 promunturium
1144 1784 1248 1832 quod
1294 1784 1508 1821 Artabrum
1551 1786 1731 1833 vocatur,

230 1851 362 1899 agitur
399 1854 638 1897 (·.3,1-ἴ),
671 1852 710 1889 C.
737 1854 806 1889 151
846 1863 954 1900 seqq.
1001 1863 1124 1900 usque
1168 1851 1215 1888 ad
1259 1851 1378 1889 verba
1410 1851 1432 1896 ἓ
1455 1854 1478 1890 5
1511 1852 1669 1890 ineunt:
1702 1842 1728 1901 ἢ

228 1914 301 1955 καὶ
332 1917 409 1968 τῆς
441 1912 646 1968 ἑσπερίου
677 1917 871 1968 ,πλευρᾶς
902 1915 971 1955 καὶ
1005 1917 1089 1968 τῆς
1119 1915 1298 1968 βορείου
1335 1915 1472 1969 πέρας
1505 1914 1629 1965 ἐστί,
1672 1923 1730 1958 ets

231 1986 269 2024 in
297 1987 369 2024 hac
392 1987 547 2035 quidem
572 1990 684 2037 parte
708 2000 784 2025 non
809 1988 860 2025 ita
883 1989 1075 2035 integram
1100 1987 1245 2036 ubique
1269 1987 1516 2025 describendi
1537 1988 1727 2026 rationem

230 2054 453 2093 invenimus
484 2067 585 2104 quae
618 2055 656 2092 in
689 2055 853 2104 periplis
885 2054 1105 2093 adhibetur.
1165 2056 1266 2094 Tum
1297 2056 1413 2093 maris
1444 2056 1586 2094 interni
1619 2068 1726 2094 oram

229 2121 369 2161 Strabo
412 2122 589 2172 depingit
632 2126 867 2172 c.4,1—9‚
909 2123 949 2161 (ἵ.
975 2126 1207 2162 156-160.
1269 2124 1327 2161 Dc
1371 2127 1513 2173 (ittarta
1555 2123 1727 2174 denique

230 2203 321 2229 orae
354 2191 570 2229 maritimae
604 2196 715 2241 parte
749 2206 770 2229 a
802 2192 1077 2241 promunturio
1100 2191 1269 2230 Artabro
1303 2204 1428 2241 usque
1458 2191 1508 2229 ad
1531 2192 1726 2242 Pyrenaei

229 2260 373 2297 montis
405 2259 500 2297 fines
545 2260 874 2310 septentrionales
919 2261 1167 2298 accuratiora
1200 2273 1276 2298 non
1309 2259 1472 2309 profert.
1532 2260 1724 2307 Quoniam

229 2328 349 2376 igitur
380 2340 447 2365 ora
480 2328 674 2365 maritima
696 2340 808 2365 suam
833 2327 949 2365 habet
981 2328 1276 2377 expositionem,
1310 2327 1414 2365 haud
1440 2328 1615 2377 ineptum
1638 2340 1725 2367 esse

228 2395 443 2444 videbitur,
486 2409 565 2434 una
595 2399 631 2433 et
664 2396 904 2445 conjunctim
939 2396 987 2434 de
1025 2396 1275 2445 auctoribus,
1312 2396 1456 2445 quibus
1487 2396 1525 2433 in
1559 2396 1630 2434 lia-c
1661 2396 1724 2434 de-

228 2464 453 2512 scriptionis
485 2468 597 2513 parte.
628 2464 768 2502 ›Strabo
803 2476 896 2502 usus
929 2463 998 2513 sit,
1030 2464 1246 2513 inquirere,
1280 2464 1509 2513 praesertim
1543 2476 1629 2502 cum
1662 2476 1723 2503 su-

227 2531 371 2579 spicari
409 2534 446 2569 et
491 2531 809 2570 animadvertere
853 2532 988 2580 liceat,
1027 2544 1146 2569 unum
1189 2531 1384 2579 quendam
1426 2532 1623 2581 periplum
1654 2545 1724 2582 per

226 2601 347 2636 totam
382 2612 487 2637 oram
521 2600 748 2649 primarium
782 2612 868 2638 esse
906 2599 1179 2649 descriptionis
1223 2601 1381 2638 fontem.
1440 2600 1720 2647 Quaestionem

227 2678 321 2703 vero
353 2666 411 2704 sic
444 2668 696 2716 instituimus,
727 2670 770 2705 ut
790 2668 956 2716 primum
989 2667 1147 2716 quidem
1179 2668 1216 2705 in
1240 2671 1352 2717 parte
1383 2668 1516 2717 aliqua
1547 2668 1719 2717 descrip-

226 2734 343 2772 tionis
374 2736 568 2784 periplum
602 2736 832 2773 continuum
856 2736 1012 2785 aperire
1035 2739 1073 2773 et
1094 2736 1303 2773 restituere
1325 2748 1514 2774 conemur
1536 2735 1716 2774 omnibus

226 2802 385 2839 remotis
416 2814 517 2851 quae
547 2803 704 2840 aliunde
727 2804 847 2852 petita
870 2806 908 2841 et
930 2803 1065 2841 addita
1087 2815 1173 2841 esse
1195 2815 1490 2852 cognoscamus,
1523 2803 1717 2853 simulque
