1814 3147
208 182 288 221 346

206 298 373 335 videtur.
433 295 574 345 Specto
616 296 682 332 illa
720 294 865 343 verba,
906 306 1008 343 quae
1047 294 1152 342 apud
1203 293 1435 331 Strabonem
1473 294 1701 332 Lusitaniae

206 365 512 413 descriptionem
546 363 724 411 proxime
758 361 1012 399 antecedunt:

794 499 824 523 c.
842 490 877 533 3,
897 489 919 524 2
955 486 1115 524 0152.

205 564 245 604 οἱ
279 564 322 604 (δὲ
357 559 662 616 ὑπερκείμειόι
701 563 797 602 τῶν
830 560 1087 614 Argennon·
1117 556 1240 614 ὀρῶν
1278 564 1423 607 (codd.)
1446 563 1541 602 κτλ.
1605 565 1701 604 Cum

209 637 308 673 enim
343 647 471 685 panea
511 635 576 672 illu
618 634 758 683 verba,
799 645 901 682 quae
943 633 1084 671 Strabo
1123 632 1171 669 de
1215 632 1331 670 rebus
1372 646 1394 669 a
1431 632 1627 671 Gallaecis
1664 636 1703 670 et

222 706 330 742 ’,rnto
363 703 598 752 wgnomine.
629 702 818 739 Gallam-0
858 702 977 749 gestis
1009 701 1161 738 inserit:
1205 693 1272 737 du)
1310 697 1380 737 καὶ
1416 693 1704 750 δυσμαχώτα-

204 783 271 807 rm
307 802 314 807 .
349 802 355 806 .
389 800 396 808 .
428 800 437 808 .
467 762 845 818 παρεσκεύασαν,
892 769 1463 817 secernimus.brevissimam
1513 769 1704 806 habemus

206 840 541 877 enumerationem
578 839 747 876 omnium
781 838 968 886 gentium,
1001 849 1103 886 quae
1138 837 1177 874 in
1210 838 1397 875 interiore
1430 837 1624 887 Hispania
1653 836 1703 875 ad

206 920 385 946 oceasum
421 912 609 956 vergente
652 906 699 943 ab
737 906 899 943 australi
945 918 1013 942 ora
1059 917 1183 954 usque
1225 904 1273 942 ad
1318 917 1507 942 oceanum
1549 908 1705 954 septen·

205 975 411 1014 trionalem
444 975 614 1024 alicujus
649 975 832 1011 momenti
867 979 968 1011 sunt.
1030 972 1108 1011 Suo
1125 974 1218 1022 jure
1242 973 1325 1011 viri.
1346 972 1450 1010 docti
1473 973 1705 1021 gravissime

205 1044 244 1081 iu
278 1043 336 1080 his
368 1043 498 1080 verbis
530 1041 795 1080 offenderunt.
856 1041 913 1078 Ac
959 1041 1124 1090 primum
1169 1040 1329 1089 quidem
1363 1052 1477 1079 nemo
1509 1040 1705 1089 intelligit,

206 1112 365 1161 quinam
399 1111 475 1148 sint
505 1111 562 1148 illi
604 1110 718 1159 „dicti
755 1104 941 1147 moutes“.
1001 1110 1166 1147 Frustra
1208 1110 1309 1147 enim
1351 1120 1522 1158 quaeras
1559 1109 1597 1146 in
1639 1108 1706 1146 de-

206 1179 424 1228 scriptione
459 1190 561 1227 quae
592 1177 803 1221 antecedit,
838 1178 1026 1214 montium
1059 1176 1308 1225 quorundam
1342 1177 1591 1226 mentionem,
1631 1176 1704 1214 nisi

206 1247 307 1284 sorte
340 1247 413 1284 hoc
447 1247 533 1283 loco
566 1249 799 1295 spectentur
831 1245 886 1282 illi
921 1249 1092 1293 montes,
1124 1257 1224 1293 quos
1256 1244 1396 1282 Strabo
1429 1255 1706 1282 commemora-

206 1316 261 1353 vit
292 1328 321 1352 c.
345 1318 381 1364 2,
399 1319 421 1352 3
455 1314 495 1353 C.
521 1317 626 1352 14:35
658 1306 936 1363 παράλληλοι
960 1308 1007 1348 (δέ
1037 1323 1152 1357 τινες
1184 1302 1327 1361 ράχιις
1353 1302 1475 1362 (ἱρῶν
1495 1307 1705 1362 παρατεί-

206 1391 329 1420 νουσι
366 1381 428 1432 τῷ
459 1380 649 1432 ποταμῷ
682 1384 750 1423 (se.
784 1378 927 1427 [saiw
962 1411 967 1416 .
1004 1411 1009 1416 .
1044 1410 1051 1418 .
1083 1373 1262 1431 πλήρεις
1293 1384 1332 1418 et
1366 1369 1619 1430 ὑπέρκειται
1653 1375 1703 1417 δὲ

204 1448 272 1488 καὶ
308 1441 478 1488 τούτου
508 1446 762 1499 Ιιιετιελλὲιά.,·
796 1443 952 1499 ἔχοντα
993 1440 1072 1499 ὅρη
1118 1479 1122 1484 .
1167 1479 1173 1484 .
1207 1477 1216 1485 .
1254 1440 1407 1498 Τῖιγου.
1473 1449 1603 1498 Atque
1635 1448 1706 1486 hos

208 1523 360 1558 montes
393 1531 532 1556 revera
564 1518 845 1567 intelligendos
878 1530 961 1556 esse
1005 1518 1157 1555 censuit
1190 1517 1448 1555 (jasanbonus
1480 1515 1626 1562 (Strab.
1657 1514 1705 1554 ed

207 1586 448 1626 Siebenkees
492 1592 529 1624 et
561 1585 792 1624 Tzschucke
825 1587 922 1623 'Pom
956 1585 1039 1623 Vn.
1082 1598 1117 1633 p.
1141 1588 1220 1623 652
1254 1585 1337 1623 sive
1370 1584 1429 1622 ed.
1461 1584 1655 1622 Almelov.
1678 1584 1707 1622 I.

205 1669 241 1705 p.
266 1654 364 1701 227)
400 1658 519 1704 atque
552 1667 678 1704 nuper
710 1666 796 1691 cum
832 1654 896 1691 illo
929 1654 1020 1691 fecit
1052 1655 1092 1691 C.
1122 1653 1335 1691 Muellerus
1373 1651 1465 1699 (Str.
1494 1651 1552 1690 ed.
1578 1651 1707 1690 Mueil.

208 1737 242 1774 p.
267 1726 345 1762 955
379 1723 429 1761 ad
462 1736 497 1772 p.
523 1726 613 1771 126,
638 1721 717 1767 22.)
779 1722 855 1760 scd
889 1722 1038 1760 etiamsi
1073 1734 1159 1759 eum
1194 1720 1441 1759 Groskurdio
1474 1719 1707 1766 (observatt.

208 1793 333 1830 critic.
364 1792 400 1829 iu
435 1792 615 1830 strabon.
648 1791 812 1828 Iberiam
846 1804 881 1839 p.
910 1789 1003 1835 111)
1039 1790 1160 1827 verba
1193 1789 1240 1827 dc
1273 1789 1416 1838 quibus
1449 1788 1707 1838 disputamus,

209 1873 343 1898 errore
376 1859 547 1908 quodam
580 1860 616 1896 iu
652 1859 756 1896 huuc
795 1859 919 1896 locum
954 1859 1147 1895 translata
1191 1870 1296 1905 esse,
1342 1857 1533 1906 principio
1577 1860 1707 1894 autem

207 1929 383 1977 proxime
426 1927 611 1976 postilla
654 1926 788 1964 verba:
836 1917 1083 1975 ὑπέρκειται
1128 1921 1172 1961 δὲ
1215 1921 1288 1961 καὶ,
1328 1917 1500 1961 τούτου
1546 1924 1595 1971 (e.
1619 1927 1654 1969 2,
1671 1927 1707 1973 3,

207 1994 371 2037 0142)
406 1995 522 2033 fuisse
569 1995 855 2043 existimemus,
898 2007 945 2032 ue
985 1998 1065 2031 tum
1107 1993 1264 2043 quidem
1308 1993 1402 2030 satis
1446 1993 1569 2042 liquet
1610 1992 1706 2030 haec

208 2065 306 2101 mira
355 2064 528 2112 gentium
562 2062 816 2100 enumeratio.
896 2062 1038 2110 Neque
1082 2062 1181 2099 enim
1226 2065 1534 2098 consentaneum
1578 2071 1708 2109 neque

209 2136 345 2182 aptum
378 2136 449 2181 est,
480 2144 615 2169 omnes
647 2130 826 2180 populos,
859 2131 924 2179 qui
949 2134 1085 2167 tenent-
1117 2129 1404 2167 mediterranea
1435 2128 1527 2166 inde
1558 2128 1606 2166 ab
1637 2140 1708 2166 ora

209 2200 326 2237 maris
369 2199 512 2237 interni
557 2210 683 2248 nsque
726 2198 776 2236 ad
809 2211 913 2236 oram
948 2197 1314 2247 septentrionalem,
1358 2198 1396 2234 in
1437 2195 1707 2235 Turdetaniae

208 2267 474 2317 descriptione
513 2272 601 2316 post
644 2267 832 2305 montium
866 2280 888 2304 a
919 2267 1030 2304 Baeti
1071 2278 1194 2315 usque
1237 2266 1285 2302 ad
1318 2265 1475 2314 Tagum
1507 2264 1706 2313 pertinen-

208 2337 302 2373 tium
356 2336 767 2373 commemorationem
813 2335 924 2384 quasi
976 2346 1046 2383 per
1096 2333 1343 2371 occasionem
1391 2339 1708 2378 commemorare,

209 2416 338 2453 neque
362 2404 518 2441 omnino
541 2409 648 2441 recte
672 2403 818 2440 dicitur
851 2407 991 2451 gentes
1015 2402 1084 2438 has
1105 2406 1212 2438 trans
1236 2405 1387 2438 montes
1409 2400 1497 2438 iilos
1519 2400 1708 2437 habitare.

211 2471 406 2520 Equidem
438 2476 548 2508 trans
571 2483 670 2519 quos
694 2478 846 2508 montes
870 2470 1085 2519 Hispaniae
1108 2469 1179 2506 has
1201 2473 1340 2518 gentes
1374 2469 1552 2506 habitare
1574 2468 1707 2506 dicere

208 2538 332 2586 liceat,
390 2550 552 2587 prorsus
594 2539 744 2588 ignoro.
805 2538 930 2584 Quam
973 2537 1021 2575 ob
1063 2550 1143 2574 rem
1186 2536 1434 2586 Brequignyi
1477 2536 1708 2585 conjectura

207 2604 422 2656 ποταμῶν
453 2607 597 2644 omissa
628 2605 826 2644 Meinekio
863 2605 1067 2652 assentior,
1108 2604 1175 2653 qui
1208 2616 1279 2654 pro
1312 2593 1434 2653 ὀρῶν
1466 2603 1586 2641 scribi
1618 2603 1707 2641 vult

208 2671 357 2723 μερῶν
388 2673 579 2723 (‚.Vindic.
611 2674 792 2712 Strabon.
827 2669 948 2711 liber‘⁴
980 2685 1015 2721 p.
1038 2675 1117 2716 26).
1179 2672 1254 2710 Sed
1288 2675 1453 2721 apparet
1474 2672 1547 2709 hac
1578 2683 1706 2709 emen-

210 2741 368 2779 datione
424 2746 545 2779 totam
595 2754 675 2779 rem
718 2741 890 2779 nondum
936 2740 1171 2777 difficultate
1216 2740 1319 2777 omni
1363 2739 1566 2777 liberatam
1610 2750 1706 2776 esse.

211 2810 308 2846 Nam
336 2810 427 2857 jure.-
450 2810 656 2847 oii'ensioui
681 2808 751 2846 suit
773 2808 1032 2857 Groskurdio,
1065 2808 1170 2857 quod
1194 2808 1347 2856 strabo,
1368 2812 1574 2856 postquam
1598 2819 1705 2844 oram
